@MISC{Gatti-2013,
    author = {Nicola Gatti and Marco Rocco and Tuomas Sandholm},
    title = {Strong Nash equilibrium is in smoothed P},
    year = {2013}
}

@article{nash1950equilibrium,
  title = {Equilibrium points in n-person games},
  author = {Nash, John F and others},
  year = {1950}
}

@inproceedings{gatti2014finding,
  title={Finding the pareto curve in bimatrix games is easy},
  author={Gatti, Nicola and Sandholm, Tuomas},
  booktitle={Proceedings of the 2014 international conference on Autonomous agents and multi-agent systems},
  pages={1217--1224},
  year={2014},
  organization={International Foundation for Autonomous Agents and Multiagent Systems}
}

@book{Ferguson14,
    author    = "Fergusom, Thomas S.",
    title     = "Game Theory",
    publisher = "Mathematics Department, UCLA ",
    year      = "2014",
}

